

@article{dong2010cross,
  title={Cross-cultural management in China},
  author={Dong, Keyong and Liu, Ying},
  journal={Cross Cultural Management: An International Journal},
  volume={17},
  number={3},
  pages={223--243},
  year={2010},
  publisher={Emerald Group Publishing Limited}
}

@incollection{hanges2005managing,
  title={Managing a multinational team: lessons from project GLOBE},
  author={Hanges, Paul J and Lyon, Julie S and Dorfman, Peter W},
  booktitle={Managing multinational teams: Global perspectives},
  pages={337--360},
  year={2005},
  publisher={Emerald Group Publishing Limited}
}




@article{evelina2008cross,
  title={Cross-cultural social intelligence: An assessment for employees working in cross-national contexts},
  author={Evelina Ascalon, Ma and Schleicher, Deidra J and Born, Marise Ph},
  journal={Cross Cultural Management: An International Journal},
  volume={15},
  number={2},
  pages={109--130},
  year={2008},
  publisher={Emerald Group Publishing Limited}
}




@article{mach2015team,
  title={Team performance in cross cultural project teams: The moderated mediation role of consensus, heterogeneity, faultlines and trust},
  author={Mach, Merce and Baruch, Yehuda},
  journal={Cross Cultural Management},
  volume={22},
  number={3},
  pages={464--486},
  year={2015},
  publisher={Emerald Group Publishing Limited}
}

@article{balsmeier1994cross,
  title={Cross-cultural communication},
  author={Balsmeier, Phillip W and Heck, Anita K},
  journal={Cross Cultural Management: An International Journal},
  volume={1},
  number={2},
  pages={13--21},
  year={1994},
  publisher={MCB UP Ltd}
}